@artwork{P221075,eprint={P221075},eprinttype={cdli}}