@artwork{P220703/oracc/epsd2, eprint={epsd2/P220703}, eprinttype={oracc}}
@artwork{P220703,number={AO 13261},related={P220703/oracc/epsd2},eprint={P220703},eprinttype={cdli}}
@artwork{P131747/oracc/epsd2, eprint={epsd2/P131747}, eprinttype={oracc}}
@artwork{P131747,number={AO 05676},related={P131747/oracc/epsd2},eprint={P131747},eprinttype={cdli}}
@artwork{P365233/oracc/dcclt, eprint={dcclt/P365233}, eprinttype={oracc}}
@artwork{P365233/oracc/epsd2, eprint={epsd2/P365233}, eprinttype={oracc}}
@artwork{P365233,number={},type={Excavation},related={P365233/oracc/epsd2},related={P365233/oracc/dcclt},eprint={P365233},eprinttype={cdli}}
@artwork{P391514/oracc/dcclt, eprint={dcclt/P391514}, eprinttype={oracc}}
@artwork{P391514/oracc/epsd2, eprint={epsd2/P391514}, eprinttype={oracc}}
@artwork{P391514,number={OIM A02480},related={P391514/oracc/epsd2},related={P391514/oracc/dcclt},eprint={P391514},eprinttype={cdli}}
@artwork{P467315/oracc/dcclt, eprint={dcclt/P467315}, eprinttype={oracc}}
@artwork{P467315/oracc/epsd2, eprint={epsd2/P467315}, eprinttype={oracc}}
@artwork{P467315,number={YBC 02176},related={P467315/oracc/epsd2},related={P467315/oracc/dcclt},eprint={P467315},eprinttype={cdli}}
@artwork{P365267/oracc/dcclt, eprint={dcclt/P365267}, eprinttype={oracc}}
@artwork{P365267/oracc/epsd2, eprint={epsd2/P365267}, eprinttype={oracc}}
@artwork{P365267,number={BM 093068},related={P365267/oracc/epsd2},related={P365267/oracc/dcclt},eprint={P365267},eprinttype={cdli}}
@artwork{P345960/oracc/dcclt, eprint={dcclt/P345960}, eprinttype={oracc}}
@artwork{P345960,number={VAT 09541},related={P345960/oracc/dcclt},eprint={P345960},eprinttype={cdli}}
@artwork{P109346/oracc/epsd2, eprint={epsd2/P109346}, eprinttype={oracc}}
@artwork{P109346,number={FLP 0558},related={P109346/oracc/epsd2},eprint={P109346},eprinttype={cdli}}
@artwork{P221272/oracc/epsd2, eprint={epsd2/P221272}, eprinttype={oracc}}
@artwork{P221272,number={AO 13831},related={P221272/oracc/epsd2},eprint={P221272},eprinttype={cdli}}
@artwork{P020304/oracc/epsd2, eprint={epsd2/P020304}, eprinttype={oracc}}
@artwork{P020304,number={VAT 04855},related={P020304/oracc/epsd2},eprint={P020304},eprinttype={cdli}}
@artwork{P221346/oracc/epsd2, eprint={epsd2/P221346}, eprinttype={oracc}}
@artwork{P221346,number={SM 1904.07.004},related={P221346/oracc/epsd2},eprint={P221346},eprinttype={cdli}}
@artwork{P221006/oracc/epsd2, eprint={epsd2/P221006}, eprinttype={oracc}}
@artwork{P221006,number={AO 13562},related={P221006/oracc/epsd2},eprint={P221006},eprinttype={cdli}}
@artwork{P221254/oracc/epsd2, eprint={epsd2/P221254}, eprinttype={oracc}}
@artwork{P221254,number={AO 13812},related={P221254/oracc/epsd2},eprint={P221254},eprinttype={cdli}}
@artwork{P020303/oracc/epsd2, eprint={epsd2/P020303}, eprinttype={oracc}}
@artwork{P020303,number={VAT 04852},related={P020303/oracc/epsd2},eprint={P020303},eprinttype={cdli}}
@artwork{P221730/oracc/epsd2, eprint={epsd2/P221730}, eprinttype={oracc}}
@artwork{P221730,number={Erm 14023},related={P221730/oracc/epsd2},eprint={P221730},eprinttype={cdli}}
@artwork{P221590/oracc/epsd2, eprint={epsd2/P221590}, eprinttype={oracc}}
@artwork{P221590,number={CBS 04700},related={P221590/oracc/epsd2},eprint={P221590},eprinttype={cdli}}
@artwork{P452986/oracc/epsd2, eprint={epsd2/P452986}, eprinttype={oracc}}
@artwork{P452986,number={MRAH O.5012},related={P452986/oracc/epsd2},eprint={P452986},eprinttype={cdli}}
@artwork{P222129/oracc/epsd2, eprint={epsd2/P222129}, eprinttype={oracc}}
@artwork{P222129,number={UM 33-59-029},related={P222129/oracc/epsd2},eprint={P222129},eprinttype={cdli}}
@artwork{P241283,number={TM.75.G.01710},type={Excavation},eprint={P241283},eprinttype={cdli}}
@artwork{P241325,number={TM.75.G.01752},type={Excavation},eprint={P241325},eprinttype={cdli}}
@artwork{P010787/oracc/dccmt, eprint={dccmt/P010787}, eprinttype={oracc}}
@artwork{P010787,number={Ist Š 0251},related={P010787/oracc/dccmt},eprint={P010787},eprinttype={cdli}}
@artwork{P010896/oracc/epsd2, eprint={epsd2/P010896}, eprinttype={oracc}}
@artwork{P010896,number={Ist Š 0752},related={P010896/oracc/epsd2},eprint={P010896},eprinttype={cdli}}
@artwork{P010928/oracc/epsd2, eprint={epsd2/P010928}, eprinttype={oracc}}
@artwork{P010928,number={Ist Š 0878},related={P010928/oracc/epsd2},eprint={P010928},eprinttype={cdli}}
@artwork{P247594/oracc/epsd2, eprint={epsd2/P247594}, eprinttype={oracc}}
@artwork{P247594,number={AO 04238},related={P247594/oracc/epsd2},eprint={P247594},eprinttype={cdli}}
@artwork{P222224/oracc/epsd2, eprint={epsd2/P222224}, eprinttype={oracc}}
@artwork{P222224,number={AO 04155},related={P222224/oracc/epsd2},eprint={P222224},eprinttype={cdli}}
@artwork{P221783/oracc/epsd2, eprint={epsd2/P221783}, eprinttype={oracc}}
@artwork{P221783,number={2 H-T 012 },type={Excavation},related={P221783/oracc/epsd2},eprint={P221783},eprinttype={cdli}}
@artwork{P222640,number={AO 00402},eprint={P222640},eprinttype={cdli}}
@artwork{P221483/oracc/epsd2, eprint={epsd2/P221483}, eprinttype={oracc}}
@artwork{P221483,number={MLC 01497},related={P221483/oracc/epsd2},eprint={P221483},eprinttype={cdli}}
@artwork{P221413/oracc/epsd2, eprint={epsd2/P221413}, eprinttype={oracc}}
@artwork{P221413,number={AO 04037},related={P221413/oracc/epsd2},eprint={P221413},eprinttype={cdli}}
@artwork{P222223/oracc/epsd2, eprint={epsd2/P222223}, eprinttype={oracc}}
@artwork{P222223,number={AO 04156},related={P222223/oracc/epsd2},eprint={P222223},eprinttype={cdli}}
@artwork{P220930/oracc/epsd2, eprint={epsd2/P220930}, eprinttype={oracc}}
@artwork{P220930,number={AO 13488},related={P220930/oracc/epsd2},eprint={P220930},eprinttype={cdli}}
@artwork{P020133/oracc/epsd2, eprint={epsd2/P020133}, eprinttype={oracc}}
@artwork{P020133,number={VAT 04884},related={P020133/oracc/epsd2},eprint={P020133},eprinttype={cdli}}
@artwork{P221169/oracc/epsd2, eprint={epsd2/P221169}, eprinttype={oracc}}
@artwork{P221169,number={AO 13726},related={P221169/oracc/epsd2},eprint={P221169},eprinttype={cdli}}
@artwork{P221034/oracc/epsd2, eprint={epsd2/P221034}, eprinttype={oracc}}
@artwork{P221034,number={AO 13590},related={P221034/oracc/epsd2},eprint={P221034},eprinttype={cdli}}
@artwork{P221906/oracc/epsd2, eprint={epsd2/P221906}, eprinttype={oracc}}
@artwork{P221906,number={Erm 14137},related={P221906/oracc/epsd2},eprint={P221906},eprinttype={cdli}}
@artwork{P222618,number={AO 04162},eprint={P222618},eprinttype={cdli}}
@artwork{P221534/oracc/epsd2, eprint={epsd2/P221534}, eprinttype={oracc}}
@artwork{P221534,number={NBC 05930},related={P221534/oracc/epsd2},eprint={P221534},eprinttype={cdli}}
