@artwork{P001243,
  eprint     = {P001243},
  eprinttype = {cdli},
  note       = {TODO},
}
@artwork{P003499,
  eprint     = {P003499},
  eprinttype = {cdli},
  note       = {TODO},
}
@artwork{P004430,
  eprint     = {P004430},
  eprinttype = {cdli},
  note       = {TODO},
}
@artwork{P004500,
  eprint     = {P004500},
  eprinttype = {cdli},
  note       = {TODO},
}
@artwork{P005468,
  eprint     = {P005468},
  eprinttype = {cdli},
  note       = {TODO},
}
@artwork{P010424,
  eprint     = {P010424},
  eprinttype = {cdli},
  note       = {TODO},
  related    = {P010424/oracc/epsd2},
}
@artwork{P010424/oracc/epsd2,
  eprint     = {epsd2/P010424},
  eprinttype = {oracc},
}
@artwork{P010458,
  eprint     = {P010458},
  eprinttype = {cdli},
  note       = {TODO},
  related    = {P010458/oracc/epsd2},
}
@artwork{P010458/oracc/epsd2,
  eprint     = {epsd2/P010458},
  eprinttype = {oracc},
}
@artwork{P010459,
  eprint     = {P010459},
  eprinttype = {cdli},
  note       = {TODO},
  related    = {P010459/oracc/epsd2},
}
@artwork{P010459/oracc/epsd2,
  eprint     = {epsd2/P010459},
  eprinttype = {oracc},
}
@artwork{P010566,
  eprint     = {P010566},
  eprinttype = {cdli},
  note       = {TODO},
  related    = {P010566/oracc/epsd2},
}
@artwork{P010566/oracc/epsd2,
  eprint     = {epsd2/P010566},
  eprinttype = {oracc},
}
@artwork{P010570,
  eprint     = {P010570},
  eprinttype = {cdli},
  note       = {TODO},
  related    = {P010570/oracc/epsd2},
}
@artwork{P010570/oracc/epsd2,
  eprint     = {epsd2/P010570},
  eprinttype = {oracc},
}
@artwork{P010572,
  eprint     = {P010572},
  eprinttype = {cdli},
  note       = {TODO},
  related    = {P010572/oracc/epsd2},
}
@artwork{P010572/oracc/epsd2,
  eprint     = {epsd2/P010572},
  eprinttype = {oracc},
}
@artwork{P010576,
  eprint     = {P010576},
  eprinttype = {cdli},
  note       = {TODO},
}
@artwork{P010578,
  eprint     = {P010578},
  eprinttype = {cdli},
  note       = {TODO},
}
@artwork{P010586,
  eprint     = {P010586},
  eprinttype = {cdli},
  note       = {TODO},
}
@artwork{P010678/oracc/dccmt, eprint={dccmt/P010678}, eprinttype={oracc}}
@artwork{P010678,related={P010678/oracc/dccmt},
  eprint     = {P010678},
  eprinttype = {cdli},
  note       = {TODO},
}
@artwork{P010773/oracc/dccmt, eprint={dccmt/P010773}, eprinttype={oracc}}
@artwork{P010773,related={P010773/oracc/dccmt},
  eprint     = {P010773},
  eprinttype = {cdli},
  note       = {TODO},
}
@artwork{P010876,
  eprint     = {P010876},
  eprinttype = {cdli},
  note       = {TODO},
  related    = {P010876/oracc/epsd2},
}
@artwork{P010876/oracc/epsd2,
  eprint     = {epsd2/P010876},
  eprinttype = {oracc},
}
@artwork{P010960,
  eprint     = {P010960},
  eprinttype = {cdli},
  note       = {TODO},
  related    = {P010960/oracc/epsd2},
}
@artwork{P010960/oracc/epsd2,
  eprint     = {epsd2/P010960},
  eprinttype = {oracc},
}
@artwork{P011099,
  eprint     = {P011099},
  eprinttype = {cdli},
  note       = {TODO},
  related    = {P011099/oracc/epsd2},
}
@artwork{P011099/oracc/epsd2,
  eprint     = {epsd2/P011099},
  eprinttype = {oracc},
}
@artwork{P011104,
  eprint     = {P011104},
  eprinttype = {cdli},
  note       = {TODO},
  related    = {P011104/oracc/epsd2},
}
@artwork{P011104/oracc/epsd2,
  eprint     = {epsd2/P011104},
  eprinttype = {oracc},
}
@artwork{P020006,
  eprint     = {P020006},
  eprinttype = {cdli},
  note       = {TODO},
  related    = {P020006/oracc/epsd2},
}
@artwork{P020006/oracc/epsd2,
  eprint     = {epsd2/P020006},
  eprinttype = {oracc},
}
@artwork{P020008,
  eprint     = {P020008},
  eprinttype = {cdli},
  note       = {TODO},
  related    = {P020008/oracc/epsd2},
}
@artwork{P020008/oracc/epsd2,
  eprint     = {epsd2/P020008},
  eprinttype = {oracc},
}
@artwork{P020016,
  eprint     = {P020016},
  eprinttype = {cdli},
  note       = {TODO},
  related    = {P020016/oracc/epsd2},
}
@artwork{P020016/oracc/epsd2,
  eprint     = {epsd2/P020016},
  eprinttype = {oracc},
}
@artwork{P020018,
  eprint     = {P020018},
  eprinttype = {cdli},
  note       = {TODO},
  related    = {P020018/oracc/epsd2},
}
@artwork{P020018/oracc/epsd2,
  eprint     = {epsd2/P020018},
  eprinttype = {oracc},
}
@artwork{P020019,
  eprint     = {P020019},
  eprinttype = {cdli},
  note       = {TODO},
  related    = {P020019/oracc/epsd2},
}
@artwork{P020019/oracc/epsd2,
  eprint     = {epsd2/P020019},
  eprinttype = {oracc},
}
@artwork{P020024,
  eprint     = {P020024},
  eprinttype = {cdli},
  note       = {TODO},
  related    = {P020024/oracc/epsd2},
}
@artwork{P020024/oracc/epsd2,
  eprint     = {epsd2/P020024},
  eprinttype = {oracc},
}
@artwork{P020030,
  eprint     = {P020030},
  eprinttype = {cdli},
  note       = {TODO},
  related    = {P020030/oracc/epsd2},
}
@artwork{P020030/oracc/epsd2,
  eprint     = {epsd2/P020030},
  eprinttype = {oracc},
}
@artwork{P020054,
  eprint       = {P020054},
  eprinttype   = {cdli},
  note         = {\cite[40 \pno 14]{VS14}},
  organization = {Vorderasiatisches Museum},
  related      = {P020054/oracc/epsd2},
  titleaddon   = {VAT 4731},
}
@artwork{P020054/oracc/epsd2,
  eprint     = {epsd2/P020054},
  eprinttype = {oracc},
}
@artwork{P020057,
  eprint     = {P020057},
  eprinttype = {cdli},
  note       = {TODO},
  related    = {P020057/oracc/epsd2},
}
@artwork{P020057/oracc/epsd2,
  eprint     = {epsd2/P020057},
  eprinttype = {oracc},
}
@artwork{P020065,
  eprint     = {P020065},
  eprinttype = {cdli},
  note       = {TODO},
  related    = {P020065/oracc/epsd2},
}
@artwork{P020065/oracc/epsd2,
  eprint     = {epsd2/P020065},
  eprinttype = {oracc},
}
@artwork{P020066,
  eprint     = {P020066},
  eprinttype = {cdli},
  note       = {TODO},
  related    = {P020066/oracc/epsd2},
}
@artwork{P020066/oracc/epsd2,
  eprint     = {epsd2/P020066},
  eprinttype = {oracc},
}
@artwork{P020090,
  eprint     = {P020090},
  eprinttype = {cdli},
  note       = {TODO},
  related    = {P020090/oracc/epsd2},
}
@artwork{P020090/oracc/epsd2,
  eprint     = {epsd2/P020090},
  eprinttype = {oracc},
}
@artwork{P020092,
  eprint     = {P020092},
  eprinttype = {cdli},
  note       = {TODO},
  related    = {P020092/oracc/epsd2},
}
@artwork{P020092/oracc/epsd2,
  eprint     = {epsd2/P020092},
  eprinttype = {oracc},
}
@artwork{P020129,
  eprint       = {P020129},
  eprinttype   = {cdli},
  organization = {Vorderasiatisches Museum},
  related      = {P020129/oracc/epsd2},
  title        = {},
  titleaddon   = {VAT 04713},
}
@artwork{P020129/oracc/epsd2,
  eprint     = {epsd2/P020129},
  eprinttype = {oracc},
}
@artwork{P020137,
  eprint     = {P020137},
  eprinttype = {cdli},
  note       = {TODO},
  related    = {P020137/oracc/epsd2},
}
@artwork{P020137/oracc/epsd2,
  eprint     = {epsd2/P020137},
  eprinttype = {oracc},
}
@artwork{P020182,
  eprint     = {P020182},
  eprinttype = {cdli},
  note       = {TODO},
  related    = {P020182/oracc/epsd2},
}
@artwork{P020182/oracc/epsd2,
  eprint     = {epsd2/P020182},
  eprinttype = {oracc},
}
@artwork{P102305,
  eprint       = {P102305},
  eprinttype   = {cdli},
  organization = {Michael C. Carlos Museum, Emory University},
  related      = {P102305/oracc/epsd2},
  titleaddon   = {X.3.139},
}
@artwork{P102305/oracc/epsd2,
  eprint     = {epsd2/P102305},
  eprinttype = {oracc},
}
@artwork{P142357,
  eprint     = {P142357},
  eprinttype = {cdli},
  note       = {TODO},
  related    = {P142357/oracc/epsd2},
}
@artwork{P142357/oracc/epsd2,
  eprint     = {epsd2/P142357},
  eprinttype = {oracc},
}
@artwork{P142827,
  eprint     = {P142827},
  eprinttype = {cdli},
  note       = {TODO},
  related    = {P142827/oracc/epsd2},
}
@artwork{P142827/oracc/epsd2,
  eprint     = {epsd2/P142827},
  eprinttype = {oracc},
}
@artwork{P212464,
  eprint     = {P212464},
  eprinttype = {cdli},
  note       = {TODO},
}
@artwork{P213162/oracc/dccmt, eprint={dccmt/P213162}, eprinttype={oracc}}
@artwork{P213162,
  eprint     = {P213162},
  eprinttype = {cdli},
  note       = {TODO},
  related    = {P213162/oracc/epsd2, P213162/oracc/dccmt},
}
@artwork{P213162/oracc/epsd2,
  eprint     = {epsd2/P213162},
  eprinttype = {oracc},
}
@artwork{P215653,
  eprint       = {P215653},
  eprinttype   = {cdli},
  organization = {Musée du Louvre},
  related      = {P215653/oracc/dcclt,P215653/louvre},
  title        = {},
  titleaddon   = {AS 15375 21},
}
@artwork{P215653/louvre,
  eprint     = {ark:/53355/cl010436723},
  eprinttype = {louvre},
}
@artwork{P215653/oracc/dcclt,
  eprint     = {dcclt/corpus/P215653},
  eprinttype = {oracc},
}
@artwork{P220927,
  eprint     = {P220927},
  eprinttype = {cdli},
  note       = {TODO},
  related    = {P220927/oracc/epsd2},
}
@artwork{P220927/oracc/epsd2,
  eprint     = {epsd2/P220927},
  eprinttype = {oracc},
}
@artwork{P221266,
  eprint       = {P221266},
  eprinttype   = {cdli},
  organization = {Musée du Louvre},
  related      = {P221266/oracc/epsd2,P221266/louvre},
  title        = {},
  titleaddon   = {AO 13825},
}
@artwork{P221266/oracc/epsd2,
  eprint     = {epsd2/P221266},
  eprinttype = {oracc},
}
@artwork{P221266/louvre,
  eprint     = {ark:/53355/cl010138527},
  eprinttype = {louvre},
}
@artwork{P221266/oracc/epsd2,
  eprint     = {epsd2/P221266},
  eprinttype = {oracc},
}
@artwork{P221291,
  eprint       = {P221291},
  eprinttype   = {cdli},
  organization = {Musée du Louvre},
  related      = {P221291/oracc/epsd2},
  title        = {},
  titleaddon   = {AO 13850},
}
@artwork{P221291/oracc/epsd2,
  eprint     = {epsd2/P221291},
  eprinttype = {oracc},
}
@artwork{P221291/oracc/epsd2,
  eprint     = {epsd2/P221291},
  eprinttype = {oracc},
}
@artwork{P221305,
  eprint       = {P221305},
  eprinttype   = {cdli},
  organization = {Musée du Louvre},
  related      = {P221305/oracc/epsd2},
  title        = {},
  titleaddon   = {AO 13864},
}
@artwork{P221305/oracc/epsd2,
  eprint     = {epsd2/P221305},
  eprinttype = {oracc},
}
@artwork{P221305/oracc/epsd2,
  eprint     = {epsd2/P221305},
  eprinttype = {oracc},
}
@artwork{P221530,
  eprint     = {P221530},
  eprinttype = {cdli},
  note       = {TODO},
  related    = {P221530/oracc/epsd2},
}
@artwork{P221530/oracc/epsd2,
  eprint     = {epsd2/P221530},
  eprinttype = {oracc},
}
@artwork{P221531,
  eprint     = {P221531},
  eprinttype = {cdli},
  note       = {TODO},
  related    = {P221531/oracc/epsd2},
}
@artwork{P221531/oracc/epsd2,
  eprint     = {epsd2/P221531},
  eprinttype = {oracc},
}
@artwork{P221746,
  eprint     = {P221746},
  eprinttype = {cdli},
  note       = {TODO},
  related    = {P221746/oracc/epsd2},
}
@artwork{P221746/oracc/epsd2,
  eprint     = {epsd2/P221746},
  eprinttype = {oracc},
}
@artwork{P221814,
  eprint     = {P221814},
  eprinttype = {cdli},
  note       = {TODO},
  related    = {P221814/oracc/epsd2},
}
@artwork{P221814/oracc/epsd2,
  eprint     = {epsd2/P221814},
  eprinttype = {oracc},
}
@artwork{P221815,
  eprint     = {P221815},
  eprinttype = {cdli},
  note       = {TODO},
  related    = {P221815/oracc/epsd2},
}
@artwork{P221815/oracc/epsd2,
  eprint     = {epsd2/P221815},
  eprinttype = {oracc},
}
@artwork{P222186,
  eprint     = {P222186},
  eprinttype = {cdli},
  note       = {TODO},
  related    = {P222186/oracc/epsd2},
}
@artwork{P222186/oracc/epsd2,
  eprint     = {epsd2/P222186},
  eprinttype = {oracc},
}
@artwork{P222243,
  eprint     = {P222243},
  eprinttype = {cdli},
  note       = {TODO},
  related    = {P222243/oracc/epsd2},
}
@artwork{P222243/oracc/epsd2,
  eprint     = {epsd2/P222243},
  eprinttype = {oracc},
}
@artwork{P222399,
  eprint       = {P222399},
  eprinttype   = {cdli},
  organization = {Musée du Louvre},
  related      = {P222399/oracc/etcsri},
  title        = {Stèle des vautours},
  titleaddon   = {AO 50; AO 2346; AO 2347; AO 2348; AO 16109},
}
@artwork{P222399/oracc/etcsri,
  eprint     = {etcsri/Q001056},
  eprinttype = {oracc},
}
@artwork{P232278,
  eprint       = {P232278},
  eprinttype   = {cdli},
  organization = {Musée du Louvre},
  related      = {P232278/oracc/etcsri},
  title        = {Gudea E},
  titleaddon   = {AO 6},
}
@artwork{P232278/oracc/etcsri,
  eprint     = {etcsri/Q001544},
  eprinttype = {oracc},
}
@artwork{P232280,
  eprint       = {P232280},
  eprinttype   = {cdli},
  organization = {Musée du Louvre},
  related      = {P232280/oracc/etcsri},
  title        = {Gudea G},
  titleaddon   = {AO 7},
}
@artwork{P232280/oracc/etcsri,
  eprint     = {etcsri/Q001546},
  eprinttype = {oracc},
}
@artwork{P235312,
  eprint     = {P235312},
  eprinttype = {cdli},
  note       = {TODO},
  related    = {P235312/oracc/epsd2},
}
@artwork{P235312/oracc/epsd2,
  eprint     = {epsd2/P235312},
  eprinttype = {oracc},
}
@artwork{P240531,
  eprint       = {P240531},
  eprinttype   = {cdli},
  location     = {Idlib, Syria},
  organization = {National Museum of Syria},
  related      = {P240531/EbDA},
  titleaddon   = {TM.75.G.00265},
}
@artwork{P240531/EbDA,
  eprint     = {1415},
  eprinttype = {ebda},
}
@artwork{P240532,
  eprint       = {P240532},
  eprinttype   = {cdli},
  location     = {Idlib, Syria},
  organization = {National Museum of Syria},
  related      = {P240532/EbDA},
  titleaddon   = {TM.75.G.00266},
}
@artwork{P240532/EbDA,
  eprint     = {1324},
  eprinttype = {ebda},
}
@artwork{P240533,
  eprint       = {P240533},
  eprinttype   = {cdli},
  location     = {Idlib, Syria},
  organization = {National Museum of Syria},
  related      = {P240533/EbDA},
  titleaddon   = {TM.75.G.00267},
}
@artwork{P240533/EbDA,
  eprint     = {1379},
  eprinttype = {ebda},
}
@artwork{P240545,
  eprint     = {P240545},
  eprinttype = {cdli},
  note       = {TODO},
}
@artwork{P240548,
  eprint       = {P240548},
  eprinttype   = {cdli},
  location     = {Idlib, Syria},
  organization = {National Museum of Syria},
  related      = {P240548/EbDA},
  titleaddon   = {TM.75.G.00302},
}
@artwork{P240548/EbDA,
  eprint     = {1350},
  eprinttype = {ebda},
}
@artwork{P240579,
  eprint       = {P240579},
  eprinttype   = {cdli},
  location     = {Idlib, Syria},
  organization = {National Museum of Syria},
  related      = {P240579/EbDA},
  titleaddon   = {TM.75.G.00341},
}
@artwork{P240579/EbDA,
  eprint     = {1364},
  eprinttype = {ebda},
}
@artwork{P240597,
  eprint     = {P240597},
  eprinttype = {cdli},
  note       = {TODO},
}
@artwork{P240609,
  eprint       = {P240609},
  eprinttype   = {cdli},
  location     = {Idlib, Syria},
  organization = {National Museum of Syria},
  related      = {P240609/EbDA},
  titleaddon   = {TM.75.G.00440},
}
@artwork{P240609/EbDA,
  eprint     = {1378},
  eprinttype = {ebda},
}
@artwork{P240653,
  eprint       = {P240653},
  eprinttype   = {cdli},
  location     = {Idlib, Syria},
  organization = {National Museum of Syria},
  related      = {P240653/EbDA},
  titleaddon   = {TM.75.G.00535},
}
@artwork{P240653/EbDA,
  eprint     = {1382},
  eprinttype = {ebda},
}
@artwork{P240654,
  eprint       = {P240654},
  eprinttype   = {cdli},
  location     = {Idlib, Syria},
  organization = {National Museum of Syria},
  related      = {P240654/EbDA},
  titleaddon   = {TM.75.G.00536},
}
@artwork{P240654/EbDA,
  eprint     = {1383},
  eprinttype = {ebda},
}

@artwork{P240655,
  eprint       = {P240655},
  eprinttype   = {cdli},
  location     = {Idlib, Syria},
  organization = {National Museum of Syria},
  related      = {P240655/EbDA},
  titleaddon   = {TM.75.G.00537},
}
@artwork{P240655/EbDA,
  eprint     = {1358},
  eprinttype = {ebda},
}
@artwork{P240675,
  eprint       = {P240675},
  eprinttype   = {cdli},
  location     = {Idlib, Syria},
  organization = {National Museum of Syria},
  related      = {P240675/EbDA},
  titleaddon   = {TM.75.G.00557},
}
@artwork{P240675/EbDA,
  eprint     = {1371},
  eprinttype = {ebda},
}
@artwork{P240697,
  eprint       = {P240697},
  eprinttype   = {cdli},
  location     = {Idlib, Syria},
  organization = {National Museum of Syria},
  related      = {P240697/EbDA},
  titleaddon   = {TM.75.G.00579},
}
@artwork{P240697/EbDA,
  eprint     = {1381},
  eprinttype = {ebda},
}
@artwork{P240964/oracc/dccmt, eprint={dccmt/P240964}, eprinttype={oracc}}
@artwork{P240964,related={P240964/oracc/dccmt, P240964/EbDA},
  eprint       = {P240964},
  eprinttype   = {cdli},
  location     = {Idlib, Syria},
  organization = {National Museum of Syria},
  titleaddon   = {TM.75.G.1392},
}
@artwork{P240964/EbDA,
  eprint     = {3184},
  eprinttype = {ebda},
}
@artwork{P240986,
  eprint     = {P240986},
  eprinttype = {cdli},
  note       = {TODO},
}
@artwork{P241708,
  eprint       = {P241708},
  eprinttype   = {cdli},
  location     = {Idlib, Syria},
  organization = {National Museum of Syria},
  related      = {P241708/EbDA},
  titleaddon   = {TM.75.G.02143},
}
@artwork{P241708/EbDA,
  eprint     = {3173},
  eprinttype = {ebda},
}
@artwork{P241764,
  eprint     = {P241764},
  eprinttype = {cdli},
  note       = {TODO},
}
@artwork{P241904/oracc/dccmt, eprint={dccmt/P241904}, eprinttype={oracc}}
@artwork{P241904,
  eprint       = {P241904},
  eprinttype   = {cdli},
  location     = {Idlib, Syria},
  note         = {\cite[6]{Archi1989}},
  organization = {National Museum of Syria},
  related      = {P241904/EbDA, P241904/oracc/dccmt},
  titleaddon   = {TM.75.G.02346},
}
@artwork{P241904/EbDA,
  eprint     = {3183},
  eprinttype = {ebda},
}
@artwork{P242293,
  eprint       = {P242293},
  eprinttype   = {cdli},
  location     = {Idlib, Syria},
  organization = {National Museum of Syria},
  related      = {P242293/EbDA},
  titleaddon   = {TM.75.G.03125},
}
@artwork{P242293/EbDA,
  eprint     = {217},
  eprinttype = {ebda},
}
@artwork{P249253,
  eprint       = {P249253},
  eprinttype   = {cdli},
  organization = {Musée du Louvre},
  title        = {Code de Hammurabi},
  titleaddon   = {Sb 8},
}
@artwork{P251641,
  eprint     = {P251641},
  eprinttype = {cdli},
  note       = {TODO},
  related    = {P251641/oracc/epsd2},
}
@artwork{P251641/oracc/epsd2,
  eprint     = {epsd2/P251641},
  eprinttype = {oracc},
}
@artwork{P252866,
  eprint     = {P252866},
  eprinttype = {cdli},
  note       = {TODO},
  related    = {P252866/oracc/epsd2},
}
@artwork{P252866/oracc/epsd2,
  eprint     = {epsd2/P252866},
  eprinttype = {oracc},
}
@artwork{P255010,
  eprint     = {P255010},
  eprinttype = {cdli},
  note       = {TODO},
}
@artwork{P271238,
  eprint     = {P271238},
  eprinttype = {cdli},
  note       = {TODO},
  related    = {P271238/oracc/epsd2},
}
@artwork{P271238/oracc/epsd2,
  eprint     = {epsd2/P271238},
  eprinttype = {oracc},
}
@artwork{P274845,
  eprint     = {P274845},
  eprinttype = {cdli},
  note       = {TODO},
}
@artwork{P283802,
  eprint     = {P283802},
  eprinttype = {cdli},
  note       = {TODO},
  related    = {P283802/oracc/epsd2},
}
@artwork{P283802/oracc/epsd2,
  eprint     = {epsd2/P283802},
  eprinttype = {oracc},
}
@artwork{P292843,
  eprint     = {P292843},
  eprinttype = {cdli},
  note       = {TODO},
}
@artwork{P298637,
  eprint     = {P298637},
  eprinttype = {cdli},
  note       = {TODO},
  related    = {P298637/oracc/epsd2},
}
@artwork{P298637/oracc/epsd2,
  eprint     = {epsd2/P298637},
  eprinttype = {oracc},
}
@artwork{P305639,
  eprint     = {P305639},
  eprinttype = {cdli},
  note       = {TODO},
}
@artwork{P307255,
  eprint     = {P307255},
  eprinttype = {cdli},
  note       = {TODO},
}
@artwork{P309594,
  eprint     = {P309594},
  eprinttype = {cdli},
  note       = {TODO},
  related    = {P309594/oracc/epsd2},
}
@artwork{P309594/oracc/epsd2,
  eprint     = {epsd2/P309594},
  eprinttype = {oracc},
}
@artwork{P386847,
  eprint     = {P386847},
  eprinttype = {cdli},
  note       = {TODO},
}
@artwork{Q000782,
  eprint     = {Q000782},
  eprinttype = {cdli},
  related    = {Q000782/oracc/epsd2,Q000782/etcsl},
  title      = {The instructions of Šuruppag},
  titleaddon = {Composite text},
}
@artwork{Q000782/oracc/epsd2,
  eprint     = {epsd2/Q000782},
  eprinttype = {oracc},
}
@artwork{Q000782/etcsl,
  eprint     = {5.6.1},
  eprinttype = {etcsl},
}
