

@incollection{Powell1987,
  author    = {Powell, Marvin},
  editor    = {Edzard, Dietz Otto},
  booktitle = {Reallexikon der Assyriologie und vorderasiatischen Archäologie},
  date      = {1987},
  pages     = {457--530},
  title     = {Maße und Gewichte},
  volume    = {7 Libanukšabaš--Medizin},
}

@incollection{Friberg1987,
  author    = {Friberg, Jöran},
  editor    = {Edzard, Dietz Otto},
  booktitle = {Reallexikon der Assyriologie und vorderasiatischen Archäologie},
  date      = {1987},
  pages     = {531--585},
  title     = {Mathematik},
  volume    = {7 Libanukšabaš--Medizin},
}

@book{Huehnergard2011,
  author    = {Huehnergard, John},
  publisher = {Brill},
  date      = {2011},
  isbn      = {978-1-57506-941-8},
  title     = {A Grammar of Akkadian},
  edition   = {3},
}


@book{Robson2008,
  author    = {Robson, Eleanor},
  publisher = {Princeton University Press},
  date      = {2008},
  isbn      = {978-0-691-09182-2},
  title     = {Mathematics in Ancient Iraq},
}

@incollection{Friberg1978,
  author    = {Friberg, Jöran},
  publisher = {Department of Mathematics, Chalmers University of Technology},
  date      = {1978},
  booktitle = {The Third Millenium Roots of Babylonian Mathematics},
  title     = {A Method for the Decipherment, through Mathematical and Metrological Analysis, of Proto-Sumerian and Proto-Elamite Semi-Picto\-graphic Inscriptions},
  volume    = {1},
}

@book{Friberg2007,
  author    = {Friberg, Jöran},
  publisher = {Springer},
  date      = {2007},
  isbn      = {978-0-387-34543-7},
  title     = {A Remarkable Collection of Babylonian Mathematical Texts},
}

@incollection{Robson2019,
  author      = {Robson, Eleanor},
  booktitle = {Oracc: The Open Richly Annotated Cuneiform Corpus},
  date        = {2019-12-18},
  eprint      = {http://oracc.org/doc/help/editinginatf/metrology/metrologicaltables/},
  title       = {Oracc metrology guidelines},
}

@incollection{Robson2022,
  author    = {Robson, Eleanor},
  date      = {2022},
  booktitle  = {The Digital Corpus of Cuneiform Mathematical Texts},
  eprint      = {http://oracc.org/dccmt/Metrology/},
  title     = {Overview of Metrological Systems},
}
