
@book{UTR56,
  editor       = {Robin Leroy},
  entrysubtype = {unicode},
  eprint       = {https://www.unicode.org/reports/tr56/},
  number       = {\#56},
  series       = {Unicode Technical Report},
  shorthand    = {UTR56},
  title        = {Unicode Cuneiform Sign Lists},
  keywords = {unicode},
}

@report{L2/03-393R,
  author       = {Everson, Michael and Feuerherm, Karlj端rgen and Tinney, Steve},
  date         = {2003-11-03},
  entrysubtype = {unicode},
  eprint       = {L2/03-393R},
  eprinttype   = {utc},
  title        = {Preliminary proposal to encode the Cuneiform script in the SMP of the UCS},
  keywords = {unicode},
}

@report{L2/04-036,
  author       = {Everson, Michael and Feuerherm, Karlj端rgen and Tinney, Steve},
  date         = {2004-01-29},
  entrysubtype = {unicode},
  eprint       = {L2/04-036},
  eprinttype   = {utc},
  title        = {Revised proposal to encode the Cuneiform script in the SMP of the UCS},
  keywords = {unicode},
}

@report{L2/04-189,
  author       = {Everson, Michael and Feuerherm, Karlj端rgen and Tinney, Steve},
  date         = {2004-06-08},
  entrysubtype = {unicode},
  eprint       = {L2/04-189},
  eprinttype   = {utc},
  title        = {Final proposal to encode the Cuneiform script in the SMP of the UCS},
  keywords = {unicode},
}

@report{L2/04-099,
  author       = {Anderson, Lloyd},
  date         = {2004},
  entrysubtype = {unicode},
  eprint       = {L2/04-099},
  eprinttype   = {utc},
  title        = {Unification of Cuneiform Numbers},
  keywords = {unicode},
}

@report{L2/03-162,
  author       = {Everson, Michael and Feuerherm, Karlj端rgen},
  date         = {2003-05-25},
  entrysubtype = {unicode},
  eprint       = {L2/03-162},
  eprinttype   = {utc},
  title        = {Basic principles for the encoding of Sumero-Akkadian Cuneiform},
  keywords = {unicode},
}

@proceedings{L2/24-159,
  date         = {2024-07-29},
  editor       = {Constable, Peter},
  entrysubtype = {unicode},
  eprint       = {L2/24-159},
  eprinttype   = {utc},
  event        = {Unicode Technical Committee meeting \#180},
  eventdate    = {2024-07-23/2024-07-25},
  eventvenue   = {Redmond},
  title        = {Minutes of UTC Meeting 180},
  keywords = {unicode},
}

@book{Unicode16,
  author       = {{The Unicode Consortium}},
  date         = {2024-09-10},
  edition      = {Version 16.0.0},
  entrysubtype = {unicode},
  eprint       = {https://www.unicode.org/versions/Unicode16.0.0/core-spec/},
  isbn         = {978-1-936213-34-4},
  publisher    = {The Unicode Consortium},
  shorthand    = {Uni16},
  title        = {The Unicode Standard},
  keywords = {unicode},
}